<record><leader>00000cas a22000007a 4500</leader><controlfield tag="001">13657092</controlfield><controlfield tag="008">860529d19uu1959mtuwr ne      0    0eng d</controlfield><datafield ind1=" " ind2=" " tag="010"><subfield code="a">sn 86075203 </subfield></datafield><datafield ind1=" " ind2=" " tag="040"><subfield code="a">MTL</subfield><subfield code="b">eng</subfield><subfield code="c">MTL</subfield><subfield code="d">OCLCQ</subfield></datafield><datafield ind1=" " ind2=" " tag="042"><subfield code="a">msc</subfield></datafield><datafield ind1="0" ind2="4" tag="245"><subfield code="a">The Jet line.</subfield></datafield><datafield ind1=" " ind2=" " tag="260"><subfield code="a">Great Falls, Mont. :</subfield><subfield code="b">A-M Pub.,</subfield><subfield code="c">-1959.</subfield></datafield><datafield ind1=" " ind2=" " tag="300"><subfield code="a">v. :</subfield><subfield code="b">ill.</subfield></datafield><datafield ind1=" " ind2=" " tag="310"><subfield code="a">Weekly</subfield></datafield><datafield ind1="0" ind2=" " tag="362"><subfield code="a">-v. 8, no. 106 (Aug. 28, 1959).</subfield></datafield><datafield ind1=" " ind2=" " tag="500"><subfield code="a">"News of the Northern 'Jet Line' of U.S. Security."</subfield></datafield><datafield ind1=" " ind2=" " tag="500"><subfield code="a">Published "in the interests of personnel of Malmstrom Air Force Base. It is an unofficial publication," &lt;Apr. 6, 1956&gt;-Sept. 28, 1956; "an official Class 3 Air Force newspaper, " Oct. 5, 1956-July 19, 1957; "an unofficial Air Force newspaper, " Aug. 2, 1957-Aug. 28, 1959.</subfield></datafield><datafield ind1=" " ind2=" " tag="588"><subfield code="a">Description based on: Vol. 5, no. 12 (Apr. 6, 1956).</subfield></datafield><datafield ind1=" " ind2=" " tag="752"><subfield code="a">United States</subfield><subfield code="b">Montana</subfield><subfield code="c">Cascade</subfield><subfield code="d">Great Falls.</subfield></datafield><datafield ind1="0" ind2="0" tag="785"><subfield code="t">Malmstrom contact</subfield><subfield code="w">(DLC)sn 86075202</subfield></datafield><datafield ind1="1" ind2=" " tag="029"><subfield code="a">AU@</subfield><subfield code="b">000023535602</subfield></datafield></record>